% This file was created with JabRef 2.10.
% Encoding: Cp1252
@preamble{ " \newcommand{\noop}[1]{} " }

@article{field2013does,
  title={Does the classic microfinance model discourage entrepreneurship among the poor? {E}xperimental evidence from {I}ndia},
  author={Field, Erica and Pande, Rohini and Papp, John and Rigol, Natalia},
  journal={American Economic Review},
  volume={103},
  number={6},
  pages={2196--2226},
  year={2013}
}

@misc{wu2020randomization,
  title={Randomization tests for weak null hypotheses in randomized experiments},
  author={Wu, Jason and Ding, Peng},
  note={Forthcoming in the \textit{Journal of the American Statistical Association}},
  year={2020},
  publisher={Taylor \& Francis}
}

@article{romano2005exact,
  title={Exact and approximate stepdown methods for multiple hypothesis testing},
  author={Romano, Joseph P and Wolf, Michael},
  journal={Journal of the American Statistical Association},
  volume={100},
  number={469},
  pages={94--108},
  year={2005},
  publisher={Taylor \& Francis}
}

@article{romano2016efficient,
  title={Efficient computation of adjusted $p$-values for resampling-based stepdown multiple testing},
  author={Romano, Joseph P and Wolf, Michael},
  journal={Statistics \& Probability Letters},
  volume={113},
  pages={38--40},
  year={2016},
  publisher={Elsevier}
}

@article{lunceford2004stratification,
  title={Stratification and weighting via the propensity score in estimation of causal treatment effects: A comparative study},
  author={Lunceford, Jared K and Davidian, Marie},
  journal={Statistics in Medicine},
  volume={23},
  number={19},
  pages={2937--2960},
  year={2004},
  publisher={Wiley Online Library}
}

@article{athey2017estimating,
  title={Estimating average treatment effects: Supplementary analyses and remaining challenges},
  author={Athey, Susan and Imbens, Guido and Pham, Thai and Wager, Stefan},
  journal={American Economic Review: Papers \& Proceedings},
  volume={107},
  number={5},
  pages={278--281},
  year={2017}
}

@article{ding2018causal,
  title={Causal inference: A missing data perspective},
  author={Ding, Peng and Li, Fan},
  journal={Statistical Science},
  volume={33},
  number={2},
  pages={214--237},
  year={2018},
  publisher={Institute of Mathematical Statistics}
}